<?xml version="1.0" encoding="UTF-8"?><record xmlns="http://www.loc.gov/MARC21/slim" xmlns:cinclude="http://apache.org/cocoon/include/1.0" xmlns:zs="http://www.loc.gov/zing/srw/">
  <leader>00334nz  a2200121n  4500</leader>
  <controlfield tag="001">n  92115713 </controlfield>
  <controlfield tag="003">DLC</controlfield>
  <controlfield tag="005">19921203071525.0</controlfield>
  <controlfield tag="008">921203n| acannaab|          |n aaa |||  </controlfield>
  <datafield tag="010" ind1=" " ind2=" ">
    <subfield code="a">n  92115713 </subfield>
  </datafield>
  <datafield tag="040" ind1=" " ind2=" ">
    <subfield code="a">DLC</subfield>
    <subfield code="c">DLC</subfield>
  </datafield>
  <datafield tag="100" ind1="1" ind2="0">
    <subfield code="a">Cain, George L.</subfield>
  </datafield>
  <datafield tag="670" ind1=" " ind2=" ">
    <subfield code="a">His Introd. to gen. topology, 1993:</subfield>
    <subfield code="b">CIP t.p. (George L. Cain; Ga. Inst. of Tech.)</subfield>
  </datafield>
</record>